@ARTICLE{Joyce:2001,
  author = {P. B. Joyce and T. J. Krzyzewski and G. R. Bell and T. S. Jones and E. C. L. Ru and R. Murray},
  journal = {Phys. Rev. B},
  year = {2001},
  volume = {64},
  pages = {235317}
}

@ARTICLE{Mike:2003-1,
  author = {M.~J. da~Silva and S.~Martini and T.~E. Lamas and A.~A. Quivy and E.~C.~F. da~Silva and J.~R. Leite},
  journal = {Microelec. J.},
  year = {2003},
  volume = {34},
  pages = {631}
}

@ARTICLE{Mike:2003-1,
  author = {M.~J. da~Silva and S.~Martini and T.~E. Lamas and A.~A. Quivy and E.~C.~F. da~Silva and J.~R. Leite},
  journal = {Microelec. J.},
  year = {2003},
  volume = {34},
  pages = {631}
}

@ARTICLE{Mike:2003-2,
  author = {M.~J. da~Silva and A.~A. Quivy and S.~Martini and T.~E. Lamas and E.~C.~F. da~Silva and J.~R. Leite},
  journal = {Appl. Phys. Lett.},
  year = {2003},
  volume = {82},
  pages = {2646}
}

@ARTICLE{Tang:2002,
  author = {S.-F. Tang and S.-Y. Lin and S.-C. Lee},
  journal = {Appl. Phys. Lett.},
  year = {2002},
  volume = {78},
  pages = {2428}
}

@ARTICLE{Phillips:2002,
  author = {J. D. Phillips},
  journal = {J. Appl. Phys.},
  year = {2002},
  volume = {91},
  pages = {4590}
}

@ARTICLE{Ryzhii:2001,
  author = {V. Ryzhii and I. Khmyrova and V. Mitim and M. Stroscio and M. Willander},
  journal = {Appl. Phys. Lett.},
  year = {2001},
  volume = {78},
  pages = {3523}
}

@ARTICLE{Jiang:2004,
  author = {J. Jiang and K. Mi and S. Tsao and W. Zhang and H. Lim and T. O'Sullivan and T. Sills and M. Razeghia and G. J. Brown and M. Z. Tidrow},
  journal = {Appl. Phys. Lett.},
  year = {2004},
  volume = {84},
  pages = {2232}
}

@ARTICLE{Cho:2005,
  author = {H. I. Cho and G. M. Gusev and Z. D. Kvon and V. Renard and J. H. Lee and J. C. Portal},
  journal = {Physical Review B},
  year = {2005},
  volume = {71},
  pages = {245323}
}

@ARTICLE{Duarte:2006-1,
  author = {C. A. Duarte and G. M. Gusev and A. A. Quivy and T. E. Lamas},
  journal = {Braz. J. of Physics},
  year = {2006},
  volume = {36-2a},
  pages = {488}
}

@ARTICLE{Duarte:2006-2,
  author = {C. A. Duarte and G. M. Gusev and A. A. Quivy and T. E. Lamas and J. C. Portal},
  journal = {Physica E},
  year = {2006},
  volume = {34 (1--2)},
  pages = {329}
}

@ARTICLE{Gusev:2006,
  author = {G. M. Gusev and N. M. Sotomayor and A. C. Seabra and A. A. Quivy and T. E. Lamas and J. C. Portal},
  journal = {Physica E},
  year = {2006},
  volume = {34 (1--2)},
  pages = {304}
}

@INPROCEEDINGS{Pagnossin:2006,
  author = {I. R. Pagnossin and G. M. Gusev and N. M. Sotomayor and A. C. Seabra and A. A. Quivy and T. E. Lamas and J. C. Portal},
  booktitle = {Proceedings of 28th International Conference on the Physics of the Semiconductors},
  title = {Quantum Hall effect in bilayer system with array of antidots},
  year = {2006}
}

@ARTICLE{Chu:2001,
  author = {L. Chu and A. Zrenner and M. Bichler and G. Abstreiter},
  journal = {Appl. Phys. Lett.},
  year = {2001},
  volume = {79},
  pages = {2249}
}

@ARTICLE{Yusa:1997,
  author = {G. Yusa and H. Sakaki},
  journal = {Appl. Phys. Lett.},
  year = {1997},
  volume = {70},
  pages = {345}
}

@ARTICLE{Chen:2002,
  author = {Z. Chen and E.-T. Kim and A. Madhukar},
  journal = {Appl. Phys. Lett.},
  year = {2002},
  volume = {80},
  pages = {2490}
}

@ARTICLE{{Raghvan:2002,
  author = {S. Raghvan and P. Rotella and A. Stintz and B. Fuchs and S. Krishna and C. Morath and D. A. Cardimona and S. W. Kennerly},
  journal = {Appl. Phys. Lett.},
  year = {2002},
  volume = {81},
  pages = {1369}
}

@ARTICLE{Feng:2002,
  author = {S.-F. Tang and S.-Y. Lin and S.-C. Lee},
  journal = {IEEE Transactions on Electron Devices},
  year = {2002},
  volume = {49},
  pages = {1341}
}

@ARTICLE{Fafard:1996,
  author = {S. Fafard and J. McCaffrey and K. Hinzer and S. Raymond and M. Dion and J. McCaffrey and Y. Fenk and S. Charbonneau},
  journal = {Science},
  year = {1996},
  volume = {274},
  pages = {1350}
}


@ARTICLE{Bimberg:1999,
  author = {D. Bimberg and M. Grundmann and N. N. Ledentsov},
  title = {Quantum dot heterostructures},
  publisher = {John Wiley \& Sons},
  year = {1999},
  address = {New York}
}

@ARTICLE{Lee:1999,
  author = {S.-W. Lee and K. Hirakawa and Y. Shimada},
  journal = {Appl. Phys. Lett.},
  year = {1999},
  volume = {75},
  pages = {1999}
}

@ARTICLE{Shields:1999,
  author = {A. J. Shields and M. P. O'Sullivan and I. Farrer and D. A. Ritchie and K. Cooper and C. L. Foden and M. Pepper},
  journal = {Appl. Phys. Lett.},
  year = {1999},
  volume = {74},
  pages = {735}
}

@ARTICLE{Kim:2000,
  author = {G. H. Kim and J. T. Nicholls and S. I. Khondaker and I. Farrer and D. A. Ritchie},
  journal = {Phys. Rev. B},
  year = {2000},
  volume = {61},
  pages = {10910}
}

@ARTICLE{Dubertret:2002,
  author = {B. Dubertret and P. Skourides and D. J. Norris and V. Noireaux and A. H. Brivanlou and A. Libchaber},
  journal = {Science},
  year = {2002},
  volume = {298},
  pages = {1759}
}

@ARTICLE{Coe:2002,
  author = {S. Coe and W. K.Woo and M. Bawendi and V. Bulovi},
  journal = {Nature},
  year = {2002},
  volume = {420},
  pages = {800}
}

@ARTICLE{Xu:1998,
  author = {S. J. Xu and T. Mei and X. C. Wang and X. H. Zhang and X. G. Xie},
  journal = {Appl. Phys. Lett.},
  year = {1998},
  volume = {73},
  pages = {3153}
}

@ARTICLE{Su:2004,
  author = {X.H. Su and S. Chakrabarti and A.D. Stiff-Roberts and J. Singh and P. Bhattacharya},
  journal = {Elletr. Lett.},
  year = {2004},
  volume = {40},
  pages = {17}
}

@ARTICLE{Ryzhii:1996,
  author = {V. Ryzhii},
  journal = {Semicond. Sci. Technol.},
  year = {1996},
  volume = {11},
  pages = {759}
}

@ARTICLE{Lee:2006,
  author = {S. J. Lee and S. K. Noh and S. C. Hong and J.I. Lee},
  journal = {Curr. Appl. Phys.},
  year = {2006},
  volume = {6},
  pages = {37}
}
