% This file was created with JabRef 2.3.1.
% Encoding: Cp1252

@ARTICLE{Abrahams:1979,
  author = {E. Abrahams and P. W. Anderson and D. C. Licardello and T. V. Ramakrishnan},
  journal = {Phys. Rev. Lett.},
  year = {1979},
  volume = {42},
  pages = {673},
  owner = {ivan.pagnossin},
  timestamp = {2007.11.25}
}

@ARTICLE{Altshuler:1988,
  author = {B. L. Al'tshuler and P. A. Lee},
  title = {Disordered electronic systems},
  journal = {Physics Today},
  year = {1988},
  volume = {December},
  pages = {36},
  month = {December},
  owner = {ivan.pagnossin},
  timestamp = {2007.09.14}
}

@INBOOK{Altshuler:1985,
  chapter = {Electron-Electron Interactions in Disordered Systems},
  title = {Modern Problems in Condensed Matter Science},
  publisher = {A. L. Efros and M. Pollak},
  year = {1985},
  author = {B. L. Altshuler and A. G. Aronov},
  address = {Amsterdam, North-Holland}
}

@ARTICLE{Altshuler:1981,
  author = {B. L. Altshuler and A. G. Aronov and A. I. larkin and D. E. Khmel'nitskii},
  journal = {Zh. Eksp. Teor. Fiz},
  year = {1981},
  volume = {81},
  pages = {768},
  note = {[Sov. Phys. JETP 54, 411 (1981)]}
}

@ARTICLE{Altshuler:1982,
  author = {B. L. Altshuler and A. G. Aronov and D. E. Khel'nitskii},
  journal = {J. Phys. C},
  year = {1982},
  volume = {15},
  pages = {7367}
}

@ARTICLE{Altshuler:1980,
  author = {B. L. Altshuler and D. E. Khmel'nitskii and A. I. Larkin and P. A.
	Lee},
  journal = {Phys. Rev. B},
  year = {1980},
  volume = {22},
  pages = {5142}
}

@ARTICLE{Anderson:1980,
  author = {P. W. Anderson and D. J. Thouless and E. Abrahams and D. S. Figher},
  journal = {Phys. Rev. B},
  year = {1980},
  volume = {22},
  pages = {3519}
}

@ARTICLE{Ando:1982,
  author = {T. Ando and A. B. Fowler and F. Stern},
  title = {Electronic properties of two-dimensional systems},
  journal = {Review of Modern Physics},
  year = {1982},
  volume = {54},
  pages = {437},
  number = {2},
  month = {April},
  owner = {ivan.pagnossin},
  timestamp = {2007.09.13}
}

@BOOK{Ashcroft:1976,
  title = {Solid state physics},
  publisher = {Saunders College Publishing},
  year = {1976},
  author = {N. W. Ashcroft and N. D. Mermin},
  owner = {ivan.pagnossin},
  timestamp = {2007.09.14}
}

@ARTICLE{Averkiev:1998,
  author = {N. S. Averkiev and L. E. Golub and G. E. Pikus},
  journal = {Semiconductors},
  year = {1998},
  volume = {32},
  pages = {1087}
}

@BOOK{Barnes,
  title = {Quantum electronics in semiconductors},
  publisher = {(na Internet)},
  author = {C. H. W. Barnes},
  owner = {ivan.pagnossin},
  timestamp = {2007.11.23}
}

@ARTICLE{Beck:1987,
  author = {W. A. Beck and J. R. Anderson},
  title = {Determination of electrical transport properties using a novel magnetic
	field-dependent Hall technique},
  journal = {J. Appl. Phys.},
  year = {1987},
  volume = {62},
  pages = {541},
  number = {2},
  month = {Jul},
  comment = {Very interesting and quite unbelivable that such a spectrum can be
	derived from a classical Hall measurement. I've written a MatLab
	script to execute the proposed method but I still don't succeed...
	I don't know if my samples are apropriate. Is there some other article
	using or condemning this one?},
  file = {Beck_1987.pdf:Beck_1987.pdf:PDF},
  owner = {Ivan R. Pagnossin},
  timestamp = {2006.09.05}
}

@ARTICLE{Bergmann:1984,
  author = {G. Bergmann},
  title = {Weak localization in thin films},
  journal = {Phys. Rep.},
  year = {1984},
  volume = {107},
  pages = {1}
}

@ARTICLE{Bimberg:1999,
  author = {D. Bimberg and M. Grundmann and N. N. Ledentsov},
  title = {Quantum dot heterostructures},
  year = {1999},
  address = {New York},
  publisher = {John Wiley \& Sons}
}

@ARTICLE{Boebinger:1990,
  author = {G. S. Boebinger and H. W. Jiang and L. N. Pfeiffer and K. W. West},
  title = {Magnetic-field-driven destruction of quantum Hall states in a double
	quantum well},
  journal = {Phys. Rev. Lett.},
  year = {1990},
  volume = {64},
  pages = {1793},
  number = {15},
  abstract = {The magnetotransport of double-quantum-well structures reveals a high-magnetic-field
	regime in which quantum Hall states at odd-integer $\nu$ are missing,
	where $\nu$ is the number of filled energy levels. In these double
	wells, the $\nu$-odd quantum Hall states originate from the symmetric-antisymmetric
	energy gap. With increasing barrier thickness between the two wells,
	initially the magnetic field destroys only the $\nu =1$ state, then
	both the $\nu = 1$ and $\nu = 3$ states disappear. We attribute their
	destruction to the onset of interwell electron-density fluctuations.},
  owner = {ivan.pagnossin},
  timestamp = {2007.09.06}
}

@ARTICLE{Buttiker:1988,
  author = {M. Büttiker},
  title = {Absence of backscattering in the quantum Hall effect in multiprobe
	conductors},
  journal = {Physical Review B},
  year = {1988},
  volume = {38},
  pages = {9375},
  number = {14},
  month = {Nov},
  file = {Buttiker_1988.pdf:Buttiker_1988.pdf:PDF},
  owner = {Ivan R. Pagnossin},
  timestamp = {2006.09.02}
}

@ARTICLE{Buttiker:1986,
  author = {M. Büttiker},
  title = {Four-terminal phase-coherent conductance},
  journal = {Phys. Rev. Lett.},
  year = {1986},
  volume = {57},
  pages = {1761},
  number = {14},
  comment = {Easy to understand.},
  file = {Buttiker_1986.pdf:Buttiker_1986.pdf:PDF},
  owner = {Ivan R. Pagnossin},
  review = {Büttiker argumenta que o teorema da reciprocidade pode não valer,
	mesmo que a relação de Onsager valha. Isto é inerente à fórmula de
	Landauer e não exige a presença de impurezas magnéticas, como outros
	trabalhos sugerem.},
  timestamp = {2006.04.18}
}

@PHDTHESIS{Cavalheiro:2001,
  author = {A. Cavalheiro},
  title = {O efeito da fotocondutividade e a estrutura eletrônica de poços-quânticos
	de {GaAs/InGaAs/GaAs} com dopagem planar do tipo n na barreira},
  school = {IF-USP/SP},
  year = {2001},
  owner = {ivan.pagnossin},
  timestamp = {2007.10.04}
}

@ARTICLE{Cavalheiro:2002,
  author = {A. Cavalheiro and E. C. F. da Silva and E. K. Takahashi and A. A.
	Quivy and J. R. Leite and E. A. Meneses},
  title = {Illumination as tool to investigate the quantum mobility of the two-dimensional
	electron gas in Si delta-doped GaAs/ InGaAs/GaAs quantum well},
  journal = {Phys. Rev. B},
  year = {2002},
  volume = {65},
  pages = {111},
  owner = {ivan.pagnossin},
  timestamp = {2007.08.29}
}

@ARTICLE{Chalker:1988,
  author = {J. T. Chalker and P. D. Coddington},
  title = {Percolation, quantum tunnelling and the integer Hall effect},
  journal = {Journal of Physics C},
  year = {1988},
  volume = {21},
  pages = {2665},
  owner = {ivan.pagnossin},
  timestamp = {2007.09.10}
}

@ARTICLE{Chen:2002,
  author = {Z. Chen and E.-T. Kim and A. Madhukar},
  journal = {Appl. Phys. Lett.},
  year = {2002},
  volume = {80},
  pages = {2490}
}

@ARTICLE{Cho:2005,
  author = {H. I. Cho and G. M. Gusev and Z. D. Kvon and V. Renard and J. H.
	Lee and J. C. Portal},
  journal = {Physical Review B},
  year = {2005},
  volume = {71},
  pages = {245323}
}

@PHDTHESIS{Choque:2002,
  author = {N. M. S. Choque},
  title = {Estudo da dinâmica de caos no gás tridimensional de elétrons de alta
	mobilidade},
  school = {Instituto de Física da Universidade de São paulo},
  year = {2002},
  owner = {ivan.pagnossin},
  timestamp = {2007.08.31}
}

@ARTICLE{Chu:2001,
  author = {L. Chu and A. Zrenner and M. Bichler and G. Abstreiter},
  journal = {Appl. Phys. Lett.},
  year = {2001},
  volume = {79},
  pages = {2249}
}

@ARTICLE{Coe:2002,
  author = {S. Coe and W. K.Woo and M. Bawendi and V. Bulovi},
  journal = {Nature},
  year = {2002},
  volume = {420},
  pages = {800}
}

@BOOK{Datta:1995,
  title = {Electronic transport in mesoscopic systems},
  publisher = {Cambridge University press},
  year = {1995},
  author = {Supriyo Datta},
  comment = {Livro excepcional, escrito pelo idealizador do primeiro dispositivo
	spintrônico teórico, o Datta-Das.},
  keywords = {Mesoscópico, Hall, Shubnikov-de Haas},
  owner = {Ivan R. Pagnossin}
}

@ARTICLE{Datta:1990,
  author = {S. Datta and B. Das},
  title = {Electronic analog of the electro-optic modulator},
  journal = {Applied Physics Letters},
  year = {1990},
  volume = {56},
  pages = {665},
  number = {7},
  month = {Feb.},
  file = {Datta_1989 (Datta-Das original work).pdf:../unread/Datta_1989 (Datta-Das
	original work).pdf:PDF},
  owner = {Ivan R. Pagnossin},
  timestamp = {2006.12.02}
}

@BOOK{Deitel:cpp,
  title = {C++ como programar},
  publisher = {Bookman},
  year = {2005},
  author = {H. M. Deitel and P. J. Deitel},
  edition = {3},
  owner = {ivan.pagnossin},
  timestamp = {2007.09.28}
}

@BOOK{Deitel:Java,
  title = {Java como programar},
  publisher = {Prentice Hall},
  year = {2005},
  author = {H. M. Deitel and P. J. Deitel},
  edition = {6},
  owner = {ivan.pagnossin},
  timestamp = {2007.09.28}
}

@ARTICLE{Desrat:2006,
  author = {W. Desrat and D. K. Maude and Z. R. Wasilewski and R. Airey and G.
	Hill},
  journal = {Phys. Rev. B},
  year = {2006},
  volume = {74},
  pages = {193317}
}

@ARTICLE{Dresselhaus:1992,
  author = {P. D. Dresselhaus and C. M. Papavassiliou and R. G. Wheeler and R.
	N. Sacks},
  journal = {Phys. Rev. Lett.},
  year = {1992},
  volume = {68},
  pages = {106}
}

@MASTERSTHESIS{Duarte:2002,
  author = {C. A. Duarte},
  title = {Processos de recombinação em pontos-quânticos em amostras com diferentes
	espessuras de camadas de InAs utilizando a técnica de fotoluminescência},
  school = {IFUSP},
  year = {2002},
  address = {São Paulo},
  owner = {ivan.pagnossin},
  timestamp = {2007.08.02}
}

@ARTICLE{Duarte:2006-1,
  author = {C. A. Duarte and G. M. Gusev and A. A. Quivy and T. E. Lamas},
  journal = {Braz. J. of Physics},
  year = {2006},
  volume = {36-2a},
  pages = {488}
}

@ARTICLE{Duarte:2006-2,
  author = {C. A. Duarte and G. M. Gusev and A. A. Quivy and T. E. Lamas and
	J. C. Portal},
  journal = {Physica E},
  year = {2006},
  volume = {34 (1--2)},
  pages = {329}
}

@ARTICLE{Dubertret:2002,
  author = {B. Dubertret and P. Skourides and D. J. Norris and V. Noireaux and
	A. H. Brivanlou and A. Libchaber},
  journal = {Science},
  year = {2002},
  volume = {298},
  pages = {1759}
}

@ARTICLE{Eiler:1984,
  author = {W. E. Eiler},
  journal = {J. Low Temp. Phys.},
  year = {1984},
  volume = {56},
  pages = {481}
}

@BOOK{Eisberg:2000,
  title = {Física quântica},
  publisher = {Editora Campus},
  year = {2000},
  author = {R. Eisberg and R. Resnick},
  owner = {ivan.pagnossin},
  timestamp = {2007.09.06}
}

@ARTICLE{Ensslin:1993,
  author = {K. Ensslin and A. Wixforth and M. Sundaram and P. F. Hopkins and
	J. H. English and A. C. Gossard},
  title = {Single-particle subband spectroscopy in a parabolic quantum well
	via transport experiments},
  journal = {Phys. Rev. B},
  year = {1993},
  volume = {47},
  pages = {1366},
  number = {3},
  month = {Jan},
  doi = {10.1103/PhysRevB.47.1366},
  file = {Ensslin_1993.pdf:Ensslin_1993.pdf:PDF},
  numpages = {12},
  owner = {Ivan R. Pagnossin},
  publisher = {American Physical Society}
}

@ARTICLE{Eshkol:2006,
  author = {M. Eshkol and E. Eisenberg and M. Karpovski and A. Palevski},
  journal = {Phys. Rev. B},
  year = {2006},
  volume = {73},
  pages = {115318}
}

@ARTICLE{Fafard:1996,
  author = {S. Fafard and J. McCaffrey and K. Hinzer and S. Raymond and M. Dion
	and J. McCaffrey and Y. Fenk and S. Charbonneau},
  journal = {Science},
  year = {1996},
  volume = {274},
  pages = {1350}
}

@ARTICLE{Fertig:1994,
  author = {H. A. Fertig and L. Brey and R. Côté and A. H. MacDonald},
  title = {Charged spin-texture excitations and the Hartree-Fock approximation
	in the quantum Hall effect},
  journal = {Physical Review B},
  year = {1994},
  volume = {50},
  pages = {11021},
  month = {October},
  doi = {10.1103/PhysRevB.50.11018},
  owner = {ivan.pagnossin},
  timestamp = {2007.09.14}
}

@ARTICLE{Fletcher:2005,
  author = {R. Fletcher and M. Tsaousidou and T. Smith and P. T. Coleridge and
	Z. R. Wasilewski and Y. Feng},
  title = {Two-band electron transport in a double quantum well},
  journal = {Phys. Rev. B},
  year = {2005},
  volume = {71},
  pages = {155310-1},
  comment = {Arquivamento pessoal: artigo 001, pasta 01},
  file = {Fletcher_2005.pdf:Fletcher_2005.pdf:PDF},
  owner = {Ivan R. Pagnossin}
}

@ARTICLE{Fogler:1995,
  author = {M. M. Fogler and B. I. Shklovskii},
  title = {Collapse of spin splitting in the quantum Hall effect},
  journal = {Physical Review B},
  year = {1995},
  volume = {52},
  pages = {17366},
  month = {December},
  doi = {10.1103/PhysRevB.52.17366},
  owner = {ivan.pagnossin},
  timestamp = {2007.09.14}
}

@ARTICLE{Gasparyan:1985,
  author = {V. M. Gasparyan and A. Yu. Zyuzin},
  journal = {Fiz. Tverd. Tela (Leningrad)},
  year = {1985},
  volume = {27},
  pages = {1662},
  note = {[Sov. Phys. Solid State 27, 999 (1985)]}
}

@ARTICLE{Geisler:2004,
  author = {M. C. Geisler and J. H. Smet and V. Umansky and K. von Klitzing and
	B. Naundorf and R. Ketzmerick and H. Schweizer},
  title = {Detection of a Landau Band-Coupling-Induced Rearrangement of the
	Hofstadter Butterfly},
  journal = {Physical Review Letters},
  year = {2004},
  volume = {92},
  pages = {256801},
  number = {25},
  month = {June},
  file = {Geisler_2004.pdf:Geisler_2004.pdf:PDF},
  owner = {Ivan R. Pagnossin},
  timestamp = {2006.08.31}
}

@ARTICLE{Gerhardts:1975,
  author = {R. R. Gerhardts},
  title = {Path-integral approach to the two-dimensional magneto-conductivity
	problem},
  journal = {Zeitschrift für Physik B},
  year = {1975},
  volume = {21},
  pages = {275, 278},
  doi = {10.1007/BF01313308},
  owner = {ivan.pagnossin},
  timestamp = {2007.09.14}
}

@ARTICLE{Girvin:2000,
  author = {Steven M. Girvin},
  title = {Spin and Isospin: exotic order in quantum Hall ferromagnets},
  journal = {Physics Today},
  year = {2000},
  pages = {39},
  month = {Junho},
  comment = {A very good introduction to terms and physical entities, though not
	so easy to understand.},
  file = {Girvin_2000.pdf:Girvin_2000.pdf:PDF},
  owner = {Ivan R. Pagnossin}
}

@ARTICLE{Gobsch:1988,
  author = {G. Gobsch and D. Schulze and G. Paasch},
  title = {Interpretation of Shubnikov-de Haas oscillations and the quantum
	Hall effect in a heterojunction with two populated subbands},
  journal = {Phys. Rev. B},
  year = {1988},
  volume = {38},
  pages = {10943},
  number = {15},
  month = {November},
  owner = {ivan.pagnossin},
  timestamp = {2007.09.12}
}

@ARTICLE{Golub:2005,
  author = {L. E. Golub},
  journal = {Phys. Rev. B},
  year = {2005},
  volume = {71},
  pages = {235310}
}

@ARTICLE{Gornyi:2003,
  author = {I. V. Gornyi and A. D. Mirlin},
  journal = {Phys. Rev. Lett.},
  year = {2003},
  volume = {90},
  pages = {076801}
}

@ARTICLE{Gusev:1998,
  author = {G. M. Gusev and U. Genser and X. Kleber and D. K. Maude and J. C.
	Portal and D. I. Lubyshev and P. Basmaji and M. de P. A. Silva and
	J. C. Rossi and Y. V. Nastaushev},
  title = {Percolation network in a smooth artificial potential},
  journal = {Physical Review B},
  year = {1998},
  volume = {58},
  pages = {4636},
  number = {8},
  owner = {ivan.pagnossin},
  timestamp = {2007.07.24}
}

@ARTICLE{Gusev:2006,
  author = {G. M. Gusev and N. M. Sotomayor and A. C. Seabra and A. A. Quivy
	and T. E. Lamas and J. C. Portal},
  journal = {Physica E},
  year = {2006},
  volume = {34 (1--2)},
  pages = {304}
}

@ARTICLE{Hai:1996,
  author = {Guo-Qiang Hai and Nelson Studart and Franóis M. Peeters and Paul
	M. Koenraad and Joachim H. Wolter},
  title = {Intersubband-coupling and screening effects on the electron transport
	in a quasi-two-dimensional $\delta$-doped semiconductor system},
  journal = {J. Appl. Phys.},
  year = {1996},
  volume = {80(10)},
  pages = {5809},
  file = {Hai_1996.pdf:Hai_1996.pdf:PDF},
  owner = {Ivan R. Pagnossin},
  timestamp = {2006.04.07}
}

@ARTICLE{Halperin:1982,
  author = {B. I. Halperin},
  title = {Quantized Hall conductance, current-carrying edge states, and the
	existence of extended states in a two-dimensional disordered potential},
  journal = {Physical Review B},
  year = {1982},
  volume = {25},
  pages = {2185},
  number = {4},
  month = {February},
  note = {Halperin introduces the edge states as an explanation to the integer
	quantum Hall effect.},
  abstract = {When a conducting layer is placed in a strong perpendicular magnetic
	field, there exist current-carrying electron states which are localized
	within approximately a cyclotron radius of the sample boundary but
	are extended around the perimeter of the sample. It is shown that
	these quasi-one-dimensional states remain extended and carry a current
	even in the presence of a moderate amount of disorder. The role of
	the edge states in the quantized Hall conductance is discussed in
	the context of the general explanation of Laughlin. An extension
	of Laughlin's analysis is also used to investigate the existence
	of extended states in a weakly disordered two-dimensional system,
	when a strong magnetic field is present.},
  file = {Halperin_1982.pdf:Halperin_1982.pdf:PDF},
  owner = {Ivan R. Pagnossin},
  timestamp = {2006.08.29}
}

@ARTICLE{Hikami:1980,
  author = {S. Hikami and A. I. Larkin and Y. Nagaoka},
  journal = {Prog. Theor. Phys.},
  year = {1980},
  volume = {63},
  pages = {707}
}

@BOOK{Hofstadter:1979,
  title = {Godel, Escher, Bach: an eternal golden braid},
  publisher = {Basic Books},
  year = {1979},
  author = {D.~R.~Hofstadter}
}

@ARTICLE{Hofstadter:1976,
  author = {D. R. Hofstadter},
  title = {Energy levels and wavefunctions of Bloch electrons in rational and
	irrational magnetic fields},
  journal = {Physical Review B},
  year = {1976},
  volume = {14},
  pages = {2239},
  number = {6},
  month = {September},
  abstract = {An effective single-band Hamiltonian representing a crystal electron
	in a uniform magnetic field is constructed from the tight-binding
	form of a Bloch band by replacing hk by the operator p-eA/c. T he
	resultant Schriidinger equation becomes a finite-difference equation
	whose eigenvalues can be computed by a matrix method. The magnetic
	flux which passes through a lattice cell, divided by a flux quantum,
	yields a dimensionless parameter whose rationality or irrationality
	highIy influences the nature of the computed spectrum. The graph
	of the spectrum over a wide range of "rational" fields is plotted.
	A recursive structure is discovered in the graph, which enables a
	number of theorems to be proven, bearing particularly on the question
	of continuity. The recursive structure is not unlike that predicted
	by Azbel', using a continued fraction for the dimensionless parameter.
	An iterative algorithm for deriving the clustering pattern of the
	magnetic subbands is given, which follows from the recursive structure.
	From this algorithm, the nature of the spectrum at an "irrational"
	field chn be deduced; it is seen to be an uncountable but measure-zero
	set of points (a Cantor set). Despite these-features, it is shown
	that the graph is continuous as the magnetic field varies. It is
	also shown how a spectrum with simplified properties can be derived
	from the rigorously derived spectrum, by introducing a spread in
	the field values. This spectrum satisfies all the intuitively desirable
	properties of a spectrum. The spectrum here presented is shown to
	agree with that predicted by A. Rauh in a completely different model
	for crystal electrons in a magnetic field. A new type of magnetic
	"superlattice" is introduced, constructed so that its unit cell intercepts
	precisely one quantum of flux. It is shown that this cell represents
	the periodicity of solutions of the difference equation. It is also
	shown how this superlattice allows the determination of the wave
	function at nonlattice sites. Evidence is offered that the wave functions
	belonging to irrational fields are everywhere defined and are continuous
	in this model, whereas those belonging to rational fields are only
	defined on a discrete set of points. A method for investigating these
	predictions experimentally is sketched.},
  file = {Hosftadter_1976(original work).pdf:Hosftadter_1976(original work).pdf:PDF},
  owner = {Ivan R. Pagnossin},
  timestamp = {2006.08.31}
}

@ARTICLE{Huckestein:1995,
  author = {B. Huckestein},
  title = {Scaling theory of the integer quantum Hall effect},
  journal = {Reviews of Modern Physics},
  year = {1995},
  volume = {67},
  pages = {357},
  number = {2},
  month = {April},
  owner = {ivan.pagnossin},
  timestamp = {2007.09.19}
}

@PHDTHESIS{Hoppel:2004,
  author = {L. W. Höppel},
  title = {Phase transitions in single layer and bilayer quantum Hall ferromagnets},
  school = {Fakultät Mathematik und Physik der Universität Stuttgart},
  year = {2004},
  address = {Stuttgart},
  owner = {ivan.pagnossin},
  timestamp = {2007.08.02}
}

@ARTICLE{Imry:1990,
  author = {Y. Imry},
  journal = {Phys. Rev. B},
  year = {1990},
  volume = {42},
  pages = {927}
}

@ARTICLE{Iordanski:1996,
  author = {S. Iordanski and Y. Levinson},
  journal = {Phys. Rev. B},
  year = {1996},
  volume = {53},
  pages = {7308}
}

@ARTICLE{Iordanskii:1994,
  author = {S. V. Iordanskii and Yu. B. Lyanda-Geller and G. E. Pikus},
  journal = {Pis'ma Zh. Eksp. Teor. Fiz.},
  year = {1994},
  volume = {60},
  pages = {199},
  note = {[JETP Lett. 60, 206 (1994)]}
}

@ARTICLE{Ishizaka:1993,
  author = {S. Ishizaka and K. Nakamura and T. Ando},
  title = {Edge states and quantized Hall resistance in quantum wires containing
	a periodic potential},
  journal = {Physical Review B},
  year = {1993},
  volume = {48},
  pages = {12053},
  file = {Ishizaka_1993.pdf:Ishizaka_1993.pdf:PDF},
  owner = {Ivan R. Pagnossin},
  timestamp = {2006.06.07}
}

@ARTICLE{Janak:1969,
  author = {J. F. Janak},
  title = {$\varg$ factor of the two-dimensional interacting electron gas},
  journal = {Physical Review},
  year = {1969},
  volume = {178},
  pages = {1416},
  number = {3},
  month = {February},
  owner = {ivan.pagnossin},
  timestamp = {2007.09.14}
}

@ARTICLE{Jiang:2004,
  author = {J. Jiang and K. Mi and S. Tsao and W. Zhang and H. Lim and T. O'Sullivan
	and T. Sills and M. Razeghia and G. J. Brown and M. Z. Tidrow},
  journal = {Appl. Phys. Lett.},
  year = {2004},
  volume = {84},
  pages = {2232}
}

@ARTICLE{Johnson:1992-1,
  author = {B. L. Johnson and C. Barnes and G. Kirczenow},
  title = {Theory of the Hall effect in two-dimensional quantum-dot arrays},
  journal = {Phys. Rev. B},
  year = {1992},
  volume = {46},
  pages = {15302},
  file = {Johnson_1992(1).pdf:Johnson_1992(1).pdf:PDF},
  owner = {Ivan R. Pagnossin}
}

@ARTICLE{Johnson:1992-2,
  author = {B. L. Johnson and G. Kirczenow},
  title = {Quantum dot arrays: a new picture of the Quantum Hall Effect in two-dimensional
	crystals},
  journal = {Phys. Rev. Lett.},
  year = {1992},
  volume = {69},
  pages = {672},
  file = {Johnson_1992(2).pdf:Johnson_1992(2).pdf:PDF},
  owner = {Ivan R. Pagnossin}
}

@ARTICLE{Joyce:2001,
  author = {P. B. Joyce and T. J. Krzyzewski and G. R. Bell and T. S. Jones and
	E. C. L. Ru and R. Murray},
  journal = {Phys. Rev. B},
  year = {2001},
  volume = {64},
  pages = {235317}
}

@ARTICLE{Jungwirth:2000,
  author = {T. Jungwirth and A. H. MacDonald},
  title = {Pseudospin anisotropy classification of quantum Hall ferromagnets},
  journal = {Physical Review B},
  year = {2000},
  volume = {63},
  pages = {035305},
  file = {PRB-63-035305(2000).pdf:PRB-63-035305(2000).pdf:PDF},
  owner = {Ivan R. Pagnossin},
  timestamp = {2006.06.29}
}

@ARTICLE{Kawazu:2005,
  author = {T. Kawazu and H. Sakaki},
  journal = {Physica E},
  year = {2005},
  volume = {29},
  pages = {593}
}

@ARTICLE{Kim:2000,
  author = {G. H. Kim and J. T. Nicholls and S. I. Khondaker and I. Farrer and
	D. A. Ritchie},
  journal = {Phys. Rev. B},
  year = {2000},
  volume = {61},
  pages = {10910}
}

@ARTICLE{Kirczenow:1992,
  author = {G. Kirczenow},
  title = {Theory of two-dimensional quantum-dot arrays in magnetic fields:
	electronic structure and lateral quantum transport},
  journal = {Phys. Rev. B},
  year = {1992},
  volume = {46},
  pages = {1439},
  number = {3},
  owner = {ivan.pagnossin},
  timestamp = {2007.08.31}
}

@ARTICLE{Klitzing:1980,
  author = {K. von Klitzing and G. Dorda and M. Pepper},
  journal = {Phys. Rev. Lett.},
  year = {1980},
  volume = {45},
  pages = {494},
  owner = {Ivan R. Pagnossin},
  timestamp = {2007.01.11}
}

@ARTICLE{Lee:1999,
  author = {S.-W. Lee and K. Hirakawa and Y. Shimada},
  journal = {Appl. Phys. Lett.},
  year = {1999},
  volume = {75},
  pages = {1999}
}

@ARTICLE{Lee:2006,
  author = {S. J. Lee and S. K. Noh and S. C. Hong and J.I. Lee},
  journal = {Curr. Appl. Phys.},
  year = {2006},
  volume = {6},
  pages = {37}
}

@ARTICLE{Lien:1994,
  author = {Chenhsin Lien and Yimin Huang and Hungming Chien and Wenlong Wang},
  title = {Charge control model of the double delta-doped quantum-well field-effect
	transistor},
  journal = {IEEE T Electron Dev},
  year = {1994},
  volume = {41},
  pages = {1351},
  month = {aug},
  owner = {ivan.pagnossin},
  timestamp = {2007.11.23}
}

@ARTICLE{Lommer:1988,
  author = {G. Lommer and F. Malcher and U. Rossler},
  journal = {Phys. Rev. Lett.},
  year = {1988},
  volume = {60},
  pages = {728}
}

@BOOK{Look:1992,
  title = {Electrical characterization of GaAs materials and devices},
  publisher = {John Wiley \& Sons},
  year = {1992},
  author = {D. C. Look},
  owner = {ivan.pagnossin},
  timestamp = {2007.06.27}
}

@ARTICLE{MacDonald:1984,
  author = {A. H. MacDonald},
  title = {Edge states and quantized Hall conductivity in a periodic potential},
  journal = {Physical Review B},
  year = {1984},
  volume = {29},
  pages = {6563},
  number = {12},
  month = {Jun},
  file = {MacDonald_1984.pdf:MacDonald_1984.pdf:PDF},
  owner = {Ivan R. Pagnossin},
  timestamp = {2006.09.02}
}

@ARTICLE{Meikap:1994,
  author = {A. K. Meikap and S. K. De and S. Chatterjee},
  journal = {Phys. Rev. B},
  year = {1994},
  volume = {49},
  pages = {1054}
}

@ARTICLE{Millard:1999,
  author = {I. S. Millard and N. K. Patel and C. L. Foden and A. R. Hamilton
	and M. Y. Simmons and D. A. Ritchie and G. A. C. Jones and M. Pepper},
  title = {Anomalous integer quantum Hall states in coupled double quantum wells
	and the effect of Landau level broadening},
  journal = {Journal of Physics: Condensed Matter},
  year = {1999},
  volume = {11},
  pages = {3711},
  owner = {ivan.pagnossin},
  timestamp = {2007.09.19}
}

@ARTICLE{Miller:2003,
  author = {J. B. Miller and D. M. Zumbuhl and C. M. Marcus and Y. B. Lyanda-Geller
	and D. Goldhaber-Gordon and K. Campman and A. C. Cossard},
  journal = {Phys. Rev. Lett.},
  year = {2003},
  volume = {90},
  pages = {076807}
}

@ARTICLE{Minkov:2004,
  author = {G. M. Minkov and A. V. Germanenko and O. E. Rut and A. A. Sherstobitov
	and L. E. Golub and B. N. Zvonkov and M. Willander},
  journal = {Phys. Rev. B},
  year = {2004},
  volume = {70},
  pages = {155323}
}

@ARTICLE{Muraki:2000,
  author = {K. Muraki and N. Kumada and T. Saku and Y Hirayama},
  title = {n-GaAs back-gated double-quantum-well structures with full density
	control},
  journal = {Jpn. J. Appl. Phys.},
  year = {2000},
  volume = {39},
  pages = {2444-2447},
  month = {Apr},
  note = {A very simple and instructive article concerning double-quantum-wells.},
  file = {Muraki_2000.pdf:Muraki_2000.pdf:PDF},
  owner = {Ivan R. Pagnossin},
  timestamp = {2006.10.02}
}

@ARTICLE{Muraki:2001,
  author = {Koji Muraki and Tadashi Saku and Yoshiro Hirayama},
  title = {Charge excitations in easy-axis and easy-plane quantum Hall ferromagnets},
  journal = {Phys. Rev. Lett.},
  year = {2001},
  volume = {87},
  pages = {196801-1},
  number = {19},
  month = {Nov},
  abstract = {We study charge excitation in quantum Hall ferromagnets realized in
	a symetric quantum well. Landau-levels (LLs) with different subband
	and orbital indices crossing at the Fermi level act as up and down
	pseudospin levels. The activation energy measured as a function of
	the pseudospin Zeeman energy, $\delta z$, reveals easy-plane and
	easy-axis ferromagnetism for LL filling of $\nu=3$ and $4$, respectively,
	for which the crossing levels have parallel and antiparallel spin.
	For $\nu=4$, we observe a sharp reduction in the gap for $\delta
	z\to 0$, which we discuss in terms of a topological excitation in
	domain walls akin to skyrmions.},
  file = {Muraki_2001.pdf:Muraki_2001.pdf:PDF},
  keywords = {Quantum Hall ferromagnet, Easy-axis/Easy-plane},
  owner = {Ivan R. Pagnossin}
}

@ARTICLE{Narozhny:2002,
  author = {B. N. Narozhny and G. Zala and I. L. Aleiner},
  journal = {Phys. Rev. B},
  year = {2002},
  volume = {65},
  pages = {180202}
}

@ARTICLE{Oswald:2001,
  author = {J. Oswald and A. Homer},
  title = {Anew network model for the integer quantum Hall effect},
  journal = {Physica E},
  year = {2001},
  volume = {11},
  pages = {310},
  month = {May},
  owner = {ivan.pagnossin},
  timestamp = {2007.09.14}
}

@ARTICLE{Oswald:2006,
  author = {J. Oswald and M. Oswald},
  title = {Circuit type simulations of magneto-transport in the quantum Hall
	effect regime},
  journal = {J. Phys.: Condens. Matter},
  year = {2006},
  volume = {18},
  pages = {R101},
  doi = {doi:10.1088/0953-8984/18/7/R01},
  owner = {ivan.pagnossin},
  timestamp = {2007.09.14}
}

@MASTERSTHESIS{Pagnossin:2004,
  author = {Ivan Ramos Pagnossin},
  title = {Propriedades de transporte elétrico de gases bidimensionais de elétrons
	nas proximidades de pontos-quânticos de InAs},
  school = {Instituto de Física da Universidade de São Paulo},
  year = {2004},
  address = {São Paulo},
  month = {Mai},
  note = {Versão digital disponível em http://www.teses.usp.br},
  file = {Ivan-MS.pdf:Ivan-MS.pdf:PDF},
  owner = {Ivan R. Pagnossin},
  timestamp = {2007.01.11}
}

@INPROCEEDINGS{Pagnossin:2006,
  author = {I. R. Pagnossin and G. M. Gusev and N. M. Sotomayor and A. C. Seabra
	and A. A. Quivy and T. E. Lamas and J. C. Portal},
  title = {Quantum Hall effect in bilayer system with array of antidots},
  booktitle = {Proceedings of 28th International Conference on the Physics of the
	Semiconductors},
  year = {2006}
}

@ARTICLE{Pagnossin:2007,
  author = {I. R. Pagnossin and A. K. Meikap and A. A. Quivy and G. M. Gusev},
  title = {Weak Localization and Interaction Effects in GaAs/InGaAs heterostructures
	with nearby InAs quantum-dots},
  journal = {Brazilian Journal of Physics},
  year = {2007},
  volume = {37},
  number = {4b},
  month = {Dec.},
  owner = {ivan.pagnossin},
  timestamp = {2007.10.16}
}

@ARTICLE{Pagnossin:2005,
  author = {I. R. Pagnossin and E. C. F da Silva and A. A. Quivy and S. Martini
	and C. S. Sergio},
  title = {The quantum mobility of a two-dimensional electron gas in selectively
	doped GaAs/InGaAs quantum wells with embedded quantum dots},
  journal = {J. Appl. Phys.},
  year = {2005},
  volume = {97},
  pages = {113709}
}

@ARTICLE{Pauw:1958,
  author = {L. J. van der Pauw},
  title = {A Method of measuring specific resistivity and Hall effect of discs
	of arbitrary shape},
  journal = {Phil. Res. Rep.},
  year = {1958},
  volume = {13},
  pages = {1},
  owner = {ivan.pagnossin},
  timestamp = {2007.09.14}
}

@ARTICLE{Pershin:2004,
  author = {Y. V. Pershin and V. Privman},
  title = {Slow spin relaxation in two-dimensional electron systems with antidots},
  journal = {Phys. Rev. B},
  year = {2004},
  volume = {69},
  pages = {073310-1 a 073310-4},
  comment = {Trabalho interessante e fácil de ler.},
  doi = {10.1103/PhysRevB.69.073310},
  file = {Pershin_2004.pdf:Pershin_2004.pdf:PDF},
  owner = {Ivan R. Pagnossin}
}

@ARTICLE{Phillips:2002,
  author = {J. D. Phillips},
  journal = {J. Appl. Phys.},
  year = {2002},
  volume = {91},
  pages = {4590}
}

@ARTICLE{Piazza:1999,
  author = {V. Piazza and V. Pellegrini and F. Beltram and W. Wegscheider and
	T. Jungwirth and A. H. MacDonald},
  title = {First-order phase transitions in a quantum Hall ferromagnet},
  journal = {Nature},
  year = {1999},
  volume = {402(6762)},
  pages = {638},
  file = {Piazza_1999.pdf:Piazza_1999.pdf:PDF},
  owner = {Ivan R. Pagnossin},
  timestamp = {2006.06.02}
}

@ARTICLE{Piot:2005,
  author = {B. A. Piot and D. K. Maude and M. Henini and Z. R. Wasilewski and
	K. J. Friedland and R. Hey and K. H. Ploog and A. I. Toropov and
	R. Airey and G. Hill},
  title = {Quantum Hall ferromagnet at high filling factors: a magnetic-field-induced
	Stoner transition},
  journal = {Phys. Rev. B},
  year = {2005},
  volume = {72},
  pages = {245325},
  owner = {ivan.pagnossin},
  timestamp = {2007.09.07}
}

@BOOK{Prange:1990,
  title = {The quantum Hall effect},
  publisher = {Springer-Verlag},
  year = {1990},
  author = {R. E. Prange and S. M. Girvin},
  edition = {2},
  owner = {Ivan R. Pagnossin},
  timestamp = {2006.08.31}
}

@BOOK{Press:1992,
  title = {Numerical recipes in Fortran 77},
  publisher = {Cambridge University press},
  year = {1992},
  author = {W. H. Press and W. A. Teukolsky and W. T. Vetterling and B. P. Flannery},
  owner = {ivan.pagnossin},
  timestamp = {2007.10.04}
}

@ARTICLE{Raghvan:2002,
  author = {S. Raghvan and P. Rotella and A. Stintz and B. Fuchs and S. Krishna
	and C. Morath and D. A. Cardimona and S. W. Kennerly},
  journal = { Appl. Phys. Lett.},
  year = {2002},
  volume = {81},
  pages = {1369}
}

@ARTICLE{Ramachandran:1997,
  author = {T. R. Ramachandran and R. Heitz and P. Chen and A. Madhukar},
  title = {Mass transfer in Stranski-Krastanow growth of InAs on GaAs},
  journal = {Appl. Phys. Lett.},
  year = {1997},
  volume = {70},
  pages = {640},
  owner = {ivan.pagnossin},
  timestamp = {2008.02.23}
}

@ARTICLE{Rammer:1986,
  author = {J. Rammer and A. Schmid},
  journal = {Phys. Rev. B},
  year = {1986},
  volume = {34},
  pages = {1352}
}

@ARTICLE{Rashba:1960,
  author = {E. I. Rashba},
  journal = {Fiz. Tverd. Tela},
  year = {1960},
  volume = {2},
  pages = {1224},
  note = {[Sov. Phys. Solid State 2, 1109 (1960)]},
  address = {Leningrad}
}

@ARTICLE{Reitz:1997,
  author = {R. Reitz and T. R. Ramachandran and A. Kalburge and Q. Xie and I.
	Makhamezhanov and P. Chen and A. Madhukar},
  title = {Observation of reentrant 2D and 3D morphology transition in highly
	strained epitaxy: InAs on GaAs.},
  journal = {Phys. Rev. Lett.},
  year = {1997},
  volume = {78},
  pages = {4071},
  owner = {ivan.pagnossin},
  timestamp = {2008.02.23}
}

@ARTICLE{Ribeiro:1998,
  author = {E. Ribeiro and E. Müller and T. Heinzel and H. Auderset and K. Ensslin
	and G. Medeiros-Ribeiro and P. M. Petroff},
  journal = {Phys. Rev. B},
  year = {1998},
  volume = {58},
  pages = {1506},
  number = {3}
}

@BOOK{Ridley:1993,
  title = {Quantum processes in semiconductors},
  publisher = {Clarendon Press},
  year = {1993},
  author = {B. K. Ridley},
  address = {Oxford},
  edition = {3rd},
  owner = {Ivan R. Pagnossin},
  timestamp = {2007.01.09}
}

@INBOOK{Roth:1966,
  chapter = {Magnetic quantum effects},
  pages = {159},
  title = {Semiconductors and semimetals},
  publisher = {Academic Press},
  year = {1966},
  editor = {R. K. Willardson and A. C. Beer},
  author = {L. M. Roth and P. N. Argyres},
  volume = {1},
  address = {New York},
  booktitle = {Semiconductors and Semimetals}
}

@ARTICLE{Ryzhii:1996,
  author = {V. Ryzhii},
  journal = {Semicond. Sci. Technol.},
  year = {1996},
  volume = {11},
  pages = {759}
}

@ARTICLE{Ryzhii:2001,
  author = {V. Ryzhii and I. Khmyrova and V. Mitim and M. Stroscio and M. Willander},
  journal = {Appl. Phys. Lett.},
  year = {2001},
  volume = {78},
  pages = {3523}
}

@ARTICLE{Sakaki:1995,
  author = {H. Sakaki and G. Yusa and T. Someya and T. Noda and H. Akiyama and
	Y. Kadoya and H. Noge},
  title = {Transport properties of two-dimensional electron gas in AlGaAs/GaAs
	selectively doped heterojunctions with embedded InAs quantum dots},
  journal = {Appl. Phys. Lett.},
  year = {1995},
  volume = {67},
  pages = {3444},
  owner = {ivan.pagnossin},
  timestamp = {2007.08.02}
}

@ARTICLE{Santhanam:1987,
  author = {P. Santhanam and S. Wind and D. E. Prober},
  journal = {Phys. Rev. B},
  year = {1987},
  volume = {35},
  pages = {3188}
}

@ARTICLE{Sarma:2001,
  author = {S. Das Sarma},
  title = {A new class of device based on the quantum of electron spin, rather
	than on charge, may yield the next generation of microelectronics},
  journal = {American Scientist},
  year = {2001},
  volume = {89},
  pages = {516},
  month = {Nov. - Dec.},
  file = {Sarma_2001.pdf:Sarma_2001.pdf:PDF},
  owner = {Ivan R. Pagnossin},
  timestamp = {2006.11.15}
}

@ARTICLE{Sarma:1985,
  author = {S. D. Sarma and F. Stern},
  journal = {Phys. Rev. B},
  year = {1985},
  volume = {32},
  pages = {8442},
  owner = {ivan.pagnossin},
  timestamp = {2007.11.26}
}

@ARTICLE{Schmeller:1995,
  author = {A. Schmeller and J. P. Eisenstein and L. N. Pfeiffer and K. W. Wet},
  title = {Evidence for skyrmions and single spin flips in the integer quantized
	Hall effect},
  journal = {Phys. Rev. Lett.},
  year = {1995},
  volume = {75},
  pages = {4290},
  number = {23},
  month = {December},
  file = {Schmeller_1995.pdf:Schmeller_1995.pdf:PDF},
  owner = {Ivan R. Pagnossin}
}

@BOOK{Sedra,
  title = {Microelectronic circuits},
  publisher = {Oxford University Press},
  year = {1997},
  editor = {4},
  author = {A. S. Sedra and K. C. Smith},
  owner = {ivan.pagnossin},
  timestamp = {2007.08.31}
}

@PHDTHESIS{Sergio:2003,
  author = {Cássio Sanguini Sergio},
  title = {Transporte quântico em poços-parabólicos largos},
  school = {Instituto de Física da Universidade de São Paulo (IFUSP)},
  year = {2003},
  file = {CassioDR.pdf:CassioDR.pdf:PDF},
  keywords = {semiconductor parabolic quantum-well; Landau level; 2DEG; 3DEG; quantum
	Hall effect; Shubnikov-de Haas effect},
  owner = {Ivan R. Pagnossin},
  timestamp = {2006.04.18}
}

@INBOOK{Sethna:1992,
  chapter = {Order Parameters, Broken Symmetry, and Topology},
  title = {Lectures in Complex Systems},
  publisher = {Addison-Wesley},
  year = {1992},
  editor = {L. Nagel and D. Stein},
  author = {J. P. Sethna},
  volume = {XV},
  owner = {ivan.pagnossin},
  timestamp = {2007.09.10}
}

@BOOK{Severino:2000,
  title = {Metodologia do trabalho científico},
  publisher = {Cortez editora},
  year = {2000},
  author = {A. J. Severino},
  edition = {21},
  owner = {ivan.pagnossin},
  timestamp = {2007.08.07}
}

@ARTICLE{Shaw:1970,
  author = {R. W. Shaw and D. E. Hill},
  title = {Shubnikov-de Haas oscillations in n-type GaAs},
  journal = {Phys. Rev. B},
  year = {1970},
  volume = {1},
  pages = {658},
  owner = {ivan.pagnossin},
  timestamp = {2007.10.04}
}

@ARTICLE{Shayegan:2005,
  author = {M. Shayegan},
  title = {Flatland electrons in high magnetic fiels},
  journal = {arXiv:cond-mat},
  year = {2005},
  volume = {1},
  pages = {0505520},
  month = {May},
  owner = {ivan.pagnossin},
  timestamp = {2007.09.13}
}

@ARTICLE{Shields:1999,
  author = {A. J. Shields and M. P. O'Sullivan and I. Farrer and D. A. Ritchie
	and K. Cooper and C. L. Foden and M. Pepper},
  journal = {Appl. Phys. Lett.},
  year = {1999},
  volume = {74},
  pages = {735}
}

@MASTERSTHESIS{Silva:1999,
  author = {M. J. da Silva},
  title = {Crescimento e caracterização de pontos-quânticos de InAs auto-formados},
  school = {IFUSP},
  year = {1999},
  address = {São Paulo}
}

@ARTICLE{Mike:2003-1,
  author = {M.~J. da~Silva and S.~Martini and T.~E. Lamas and A.~A. Quivy and
	E.~C.~F. da~Silva and J.~R. Leite},
  journal = {Microelec. J.},
  year = {2003},
  volume = {34},
  pages = {631}
}

@ARTICLE{Mike:2003-2,
  author = {M.~J. da~Silva and A.~A. Quivy and S.~Martini and T.~E. Lamas and
	E.~C.~F. da~Silva and J.~R. Leite},
  journal = {Appl. Phys. Lett.},
  year = {2003},
  volume = {82},
  pages = {2646}
}

@BOOK{Smith:1999,
  title = {The scientist and engineer's guide to digital signal processing},
  publisher = {California Technical Publishing},
  year = {1999},
  author = {S. W. Smith},
  address = {California},
  note = {Disponível em www.dspguide.com},
  owner = {ivan.pagnossin},
  timestamp = {2007.10.04}
}

@MASTERSTHESIS{Sperandio:1998,
  author = {A. L. Sperandio},
  title = {Crescimento epitaxial por feixe molecular de camadas para aplicação
	em dispositivos},
  school = {Instituto de Física da Universidade de São Paulo},
  year = {1998},
  address = {São Paulo},
  owner = {ivan.pagnossin},
  timestamp = {2007.08.03}
}

@ARTICLE{Studenikin:2003,
  author = {S. A. Studenikin and P. T. Coleridge and N. Ahmed and P. J. Poole
	and A. Sachrajda},
  journal = {Phys. Rev. B},
  year = {2003},
  volume = {68},
  pages = {035317}
}

@ARTICLE{Su:2004,
  author = {X.H. Su and S. Chakrabarti and A.D. Stiff-Roberts and J. Singh and
	P. Bhattacharya},
  journal = {Elletr. Lett.},
  year = {2004},
  volume = {40},
  pages = {17}
}

@ARTICLE{Takehana:2006,
  author = {K. Takehana and T. Takamasu and G. Kido and M. Henini and L. Eaves},
  title = {Anomalous quantum Hall effect induced by nearby quantum-dots},
  journal = {Physica E},
  year = {2006},
  volume = {34},
  pages = {148--151},
  month = {Aug},
  abstract = {Transport measurements in high magnetic fields have been performed
	on two-dimensional electron system (2DES) separated by a thin barrier
	layer from a layer of InAs self-assembled quantum dots (QDs). Clear
	feature of quantum Hall effect was observed in spite of presence
	of QDs nearby 2DES. However, both magnetoresistance, $\rho_{xx}$,
	and Hall resistance, $\rho_{xy}$, are suppressed significantly only
	in the magnetic field range of filling factor in 2DES $\nu < 1$ and
	voltage applied on a front gate $V_g > 0 V$ . The results indicate
	that the electron state in QDs induces spin-flip process in 2DES.},
  comment = {Interesting and related to our works on antidots super-lattice.},
  file = {Takehana_2006.pdf:Takehana_2006.pdf:PDF},
  keywords = {Quantum-dots Quantum Hall effect},
  owner = {Ivan R. Pagnossin},
  timestamp = {2006.10.23}
}

@ARTICLE{Feng:2002,
  author = {S.-F. Tang and S.-Y. Lin and S.-C. Lee},
  journal = {IEEE Transactions on Electron Devices},
  year = {2002},
  volume = {49},
  pages = {1341}
}

@ARTICLE{Tang:2002,
  author = {S.-F. Tang and S.-Y. Lin and S.-C. Lee},
  journal = {Appl. Phys. Lett.},
  year = {2002},
  volume = {78},
  pages = {2428}
}

@ARTICLE{Thillosen:2006,
  author = {N. Thillosen and S. cabanas and N. Kaluza and V. A. Guzenko and H.
	Hardtdegen and Th. Schapers},
  journal = {Phys. Rev. B},
  year = {2006},
  volume = {73},
  pages = {241311}
}

@ARTICLE{Thouless:1997,
  author = {D.~J.~Thouless},
  journal = {Phys.~Rev.~Lett.},
  year = {1997},
  volume = {39},
  pages = {116}
}

@ARTICLE{Thouless:1982,
  author = {D. J. Thouless and M. Kohmoto and M. P. Nightingale and M. den Nijs},
  title = {Quantized Hall Conductance in a Two-Dimensional Periodic Potential},
  journal = {Physical Reviews Letters},
  year = {1982},
  volume = {49},
  pages = {405},
  number = {6},
  month = {Aug},
  doi = {10.1103/PhysRevLett.49.405},
  file = {Thouless_1982.pdf:Thouless_1982.pdf:PDF},
  numpages = {3},
  owner = {Ivan R. Pagnossin},
  publisher = {American Physical Society}
}

@ARTICLE{Tsitsishvili:2005,
  author = {G. Tsitsishvili and Z. F. Ezawa},
  title = {Microscopic theory of skyrmions in quantum Hall ferromagnets},
  journal = {Physical Review B},
  year = {2005},
  volume = {72},
  pages = {115306},
  month = {Sep},
  doi = {10.1103/PhysRevB.72.115306},
  owner = {ivan.pagnossin},
  timestamp = {2007.09.10}
}

@ARTICLE{Wagenhuber:1992,
  author = {J. Wagenhuber and T. Geisel and P. Niebauer and G. Obermair},
  journal = {Phys. Rev. B},
  year = {1992},
  volume = {45},
  pages = {4372},
  owner = {ivan.pagnossin},
  timestamp = {2007.08.31}
}

@ARTICLE{Wees:1988,
  author = {B. J. van Wees and H. van Houten and C. W. J. Beenakker adn J. G.
	Williamson and L. P. Kouwenhoven and d. van der Marel and C. T. Foxon},
  title = {Quantized conductance of point contacts in a two-dimensional electron
	gas},
  journal = {Phys. Rev. Lett.},
  year = {1988},
  volume = {60},
  pages = {848},
  month = {Febraury},
  doi = {10.1103/PhysRevLett.60.848},
  owner = {ivan.pagnossin},
  timestamp = {2007.09.11}
}

@PHDTHESIS{Weiss:2004,
  author = {M. Weiss},
  title = {Quantum Hall effect in a strongly disordered system},
  school = {Universität Konstanz Fachbereich Physik},
  year = {2004},
  owner = {ivan.pagnossin},
  timestamp = {2007.09.14}
}

@ARTICLE{Wharam:1988,
  author = {D. Wharam},
  journal = {J. Phys. C},
  year = {1988},
  volume = {21},
  pages = {L209},
  owner = {ivan.pagnossin},
  timestamp = {2007.09.11}
}

@ARTICLE{White:1984,
  author = {E. White and R. C. Dynes and J. P. Garno},
  journal = {Phys. Rev. B},
  year = {1984},
  volume = {29},
  pages = {3694}
}

@BOOK{Wood:1994,
  title = {Optoelectronic semiconductor devices},
  publisher = {Prentice Hall},
  year = {1994},
  author = {D. Wood},
  owner = {ivan.pagnossin},
  timestamp = {2007.08.23}
}

@ARTICLE{Xu:1998,
  author = {S. J. Xu and T. Mei and X. C. Wang and X. H. Zhang and X. G. Xie},
  journal = {Appl. Phys. Lett.},
  year = {1998},
  volume = {73},
  pages = {3153}
}

@ARTICLE{Yusa:1997,
  author = {G. Yusa and H. Sakaki},
  journal = {Appl. Phys. Lett.},
  year = {1997},
  volume = {70},
  pages = {345}
}

@MASTERSTHESIS{Marquez:2007,
  author = {A. M. O. de Z. Márquez},
  title = {Estudo de poços parabólicos largos de {AlGaAs} em campos magnéticos
	altos},
  school = {Universidade de São Paulo},
  year = {2007}
}

@ARTICLE{Zala:2001,
  author = {G. Zala and B. N. Narozny and I. L. Aleiner},
  journal = {Phys. Rev. B},
  year = {2001},
  volume = {64},
  pages = {214204}
}

@ARTICLE{Zduniak:1997,
  author = {A. Zduniak and M. I. Dyakonov and W. Knap},
  journal = {Phys. Rev. B},
  year = {1997},
  volume = {56},
  pages = {1996}
}

@ARTICLE{Zutic:2004,
  author = {I. Zutic and J. Fabian and S. Das Sarma},
  title = {Spintronics: fundamentals and applications},
  journal = {Rev. Mod. Phys.},
  year = {2004},
  volume = {76},
  pages = {323},
  month = {April},
  comment = {Check for the proper spell of the author's name in the article.},
  file = {Zutic_2004.pdf:Zutic_2004.pdf:PDF},
  owner = {Ivan R. Pagnossin}
}

@BOOK{Ferry:1992,
  title = {Quantum transport in semiconductors},
  publisher = {Plenum Press},
  year = {1992},
  editor = {D. K. Ferry and C. Jacoboni},
  address = {New York},
  owner = {Ivan R. Pagnossin},
  timestamp = {2007.01.07}
}

@MANUAL{oxford:2000,
  title = {Practical cryogenics},
  organization = {Oxford Instruments},
  address = {England},
  year = {2000},
  note = {Oxford's manual on laboratory cryogenics.},
  comment = {A very good introdutory text (IRP)},
  owner = {ivan.pagnossin},
  timestamp = {2007.09.05},
  url = {www.oxford-instruments.com}
}

